@techreport{Geerts2022PredictingYield,
    title = {{Predicting the new issue premium in high yield}},
    year = {2022},
    author = {Geerts, Rogier and Reinders, Sebastiaan and Amenta, Robert},
    url = {www.nnip.com},
    institution = {NN investment partners}
}