@misc{Chen2024BacktestingDownsides,
    title = {{Backtesting Definition, How It Works, and Downsides}},
    year = {2024},
    booktitle = {https://www.investopedia.com/terms/b/backtesting.asp},
    author = {Chen, James},
    month = {4}
}

@article{Yang2024ComparisonClassification,
    title = {{Comparison and analysis of prediction accuracy between traditional machine learning algorithms and XGBoost algorithm in music emotion classification}},
    year = {2024},
    journal = {Applied and Computational Engineering},
    author = {Yang, Mengxi},
    number = {1},
    month = {4},
    pages = {98--103},
    volume = {57},
    publisher = {EWA Publishing},
    doi = {10.54254/2755-2721/57/20241316},
    issn = {2755-2721}
}

@article{Chen2007CorporateLiquidity,
    title = {{Corporate yield spreads and bond liquidity}},
    year = {2007},
    journal = {Journal of Finance},
    author = {Chen, Long and Lesmond, David A. and Wei, Jason},
    month = {2},
    pages = {119--149},
    volume = {62},
    doi = {10.1111/j.1540-6261.2007.01203.x},
    issn = {00221082}
}

@techreport{2024Cross-SectorDefinitions,
    title = {{Cross-Sector Global Rating Definitions}},
    year = {2024},
    month = {6},
    institution = {Fitch Ratings}
}

@techreport{Harrison2023EffectiveModels,
    title = {{Effective XGBoost Tuning, Understanding, and Deploying Classification Models}},
    year = {2023},
    author = {Harrison, Matt}
}

@techreport{Dickerson2024FactorDelays,
    title = {{Factor Investing with Delays}},
    year = {2024},
    author = {Dickerson, Alexander and Nozawa, Yoshio and Robotti, Cesare and Barroso, Pedro and Chen, Andrew and Chernov, Mike and Chuprinin, Oleg and Foley, Sean and Julliard, Christian and He, Ai and Hu, Grace and Ivashchenko, Alexey and Li, Jane and Lin, Hai and Risova, Savina and Sokolov, Konstantin and Wang, Sam and Zhou, Alex},
    keywords = {Corporate Bonds, Credit Risk * We thank, Fixed-Income Securities, Liquidity, Machine-Learning, Market Efficiency}
}

@techreport{Thank2004FlightRisk,
    title = {{Flight to Quality, Flight to Liquidity, and the Pricing of Risk}},
    year = {2004},
    author = {Thank, I and Acharya, Viral and Cox, John and Gabaix, Xavier and Gromb, Denis and Johnson, Tim and Kogan, Leonid and Kyle, Pete and Lewellen, Jonathan and Liu, Hong and Myers, Stew and Pan, Jun and Pavlova, Anna and Ross, Steve and Wang, Jiang and Xiong, Wei and Zwiebel, Jeff and Vayanos, Dimitri},
    url = {http://www.nber.org/papers/w10327}
}

@misc{Guillaume2023HowClassification,
    title = {{How Does XGBoost Handle Multiclass Classification?}},
    year = {2023},
    booktitle = {https://medium.com/data-science/how-does-xgboost-handle-multiclass-classification-6c76ba71f6f0},
    author = {Guillaume, Saupin},
    month = {1}
}

@misc{Johari2018MachineExamples,
    title = {{Machine Learning Tutorial -  Understand With Examples}},
    year = {2018},
    booktitle = {https://medium.com/edureka/machine-learning-tutorial-f2883412fba1},
    author = {Johari, Aayushi},
    month = {5}
}

@techreport{Nisar2021MunichArchive,
    title = {{Munich Personal RePEc Archive}},
    year = {2021},
    author = {Nisar, Sabahat and Asif, Rabia and Ali, Amjad},
    keywords = {Efficient Markets, January Effects, Stock Returns, Tax Selling Hypothesis}
}

@techreport{Traczyk2024NewFactor,
    title = {{New issuance premium as a corporate bond factor}},
    year = {2024},
    author = {Traczyk, Adam},
    url = {https://ssrn.com/abstract=4945997},
    keywords = {G11, G12, G14, G15, asset pricing, factors JEL codes: C13, factors Keywords: new issuance premium, new issuance premium}
}

@misc{Patil2023OutlierMethod,
    title = {{Outlier Detection and Removal using the IQR Method}},
    year = {2023},
    booktitle = {https://medium.com/@pp1222001/outlier-detection-and-removal-using-the-iqr-method-6fab2954315d},
    author = {Patil, Paresh},
    month = {9}
}

@techreport{Geerts2022PredictingYield,
    title = {{Predicting the new issue premium in high yield}},
    year = {2022},
    author = {Geerts, Rogier and Reinders, Sebastiaan and Amenta, Robert},
    url = {www.nnip.com},
    institution = {NN investment partners}
}

@misc{Faberov2021RetrieveBond,
    title = {{Retrieve historical data for expired corporate bond}},
    year = {2021},
    booktitle = {https://community.developers.refinitiv.com/discussion/73038/retrieve-historical-data-for-expired-corporate-bond/p1},
    author = {Faberov, Zoya},
    month = {2}
}

@techreport{Reichenbacher2018Size-AdaptedImplications,
    title = {{Size-Adapted Bond Liquidity Measures and Their Asset Pricing Implications}},
    year = {2018},
    booktitle = {Jelena Eberbach},
    author = {Reichenbacher, Michael and Schuster, Philipp and Trapp, Rainer and Jankowitsch, Robert and Jung, Paolo and Manzano, Marcel and M{\"{u}}ller, Giorgio and Ottonello, Melanie and Schienle, Marta and Szymanowska, Erik and Theissen, Julian and Thimme, Marliese and Uhrig-Homburg, Franziska},
    volume = {2020},
    keywords = {G11, G12, G14, G24 Keywords: bond liquidity, JEL classification: C10, asset pricing, bid-ask spread, rating downgrades *, trade size, transaction costs}
}

@book{Fabozzi2021TheEdition,
    title = {{The Handbook of Fixed Income Securities, Ninth Edition}},
    year = {2021},
    author = {Fabozzi, Frank J.. and Mann, Steven V..},
    publisher = {McGraw-Hill Education},
    isbn = {9781260473902}
}

@misc{Hotchkiss2002TheAnalysis,
    title = {{The Informational Efficiency of the Corporate Bond Market: An Intraday Analysis}},
    year = {2002},
    booktitle = {https://ideas.repec.org/a/oup/rfinst/v15y2002i5p1325-1354.html},
    author = {Hotchkiss, Edith S. and Ronen, Tavt}
}