@article{Reichenbacher2022,
  author = {Reichenbacher, Michael and Schuster, Philipp},
  title = {Size-adapted bond liquidity measures and their asset pricing implications},
  journal = {Journal of Financial Economics},
  year = {2022},
  volume = {146},
  number = {2},
  pages = {425-443},
  doi = {10.1016/j.jfineco.2022.07.010},
  url = {https://www.sciencedirect.com/science/article/pii/S0304405X22001702}
}

@article{Ngaruiya2016,
  author = {Ngaruiya, Margaret and Njuguna, Amos},
  title = {Influence of inflation on bond prices: A survey of bonds listed at the Nairobi Securities Exchange},
  journal = {American Journal of Economics},
  year = {2016},
  volume = {1},
  number = {2},
  pages = {50-63},
  doi = {10.47672/aje.137},
  url = {https://ajpojournals.org/journals/index.php/AJE/article/view/137}
}

@techreport{Vayanos2004,
  author = {Vayanos, Dimitri},
  title = {Flight to Quality, Flight to Liquidity, and the Pricing of Risk},
  institution = {National Bureau of Economic Research},
  year = {2004},
  type = {NBER Working Paper},
  number = {10327},
  url = {https://www.nber.org/papers/w10327}
}

@techreport{Sabahat2021,
  author = {Sabahat, Nisar and Asif, Rabia and Ali, Amjad},
  title = {Testing the Presence of the January Effect in Developed Economies},
  institution = {Munich Personal RePEc Archive},
  year = {2021},
  number = {112548},
  url = {https://mpra.ub.uni-muenchen.de/112548/}
}

@misc{Chen2024,
  author = {Chen, James},
  title = {Backtesting Definition, How It Works, and Downsides},
  howpublished = {Investopedia},
  year = {2024},
  url = {https://www.investopedia.com/terms/b/backtesting.asp}
}

@misc{Guillaume2023,
  author = {Guillaume, Saupin},
  title = {How Does XGBoost Handle Multiclass Classification?},
  howpublished = {Medium},
  year = {2023},
  url = {https://medium.com/data-science/how-does-xgboost-handle-multiclass-classification-6c76ba71f6f0}
}

@misc{Faberov2021,
  author = {Faberov, Zoya},
  title = {Retrieve historical data for expired corporate bond},
  howpublished = {Refinitiv Developer Community},
  year = {2021},
  url = {https://community.developers.refinitiv.com/discussion/73038/retrieve-historical-data-for-expired-corporate-bond/p1}
}

@article{Chen2007,
  author = {Chen, Long and Lesmond, David A. and Wei, Jason},
  title = {Corporate yield spreads and bond liquidity},
  journal = {Journal of Finance},
  year = {2007},
  volume = {62},
  number = {1},
  pages = {119-149},
  doi = {10.1111/j.1540-6261.2007.01203.x},
  url = {https://onlinelibrary.wiley.com/doi/10.1111/j.1540-6261.2007.01203.x}
}

@article{Hotchkiss2002,
  author = {Hotchkiss, Edith S. and Ronen, Tavy},
  title = {The Informational Efficiency of the Corporate Bond Market: An Intraday Analysis},
  journal = {Review of Financial Studies},
  year = {2002},
  volume = {15},
  number = {5},
  pages = {1325-1354},
  doi = {10.1093/rfs/15.5.1325},
  url = {https://academic.oup.com/rfs/article/15/5/1325/1575515}
}

@techreport{Fitch2024,
  author = {{Fitch Ratings}},
  title = {Cross-Sector Global Rating Definitions},
  institution = {Fitch Ratings},
  year = {2024},
  month = {6},
  url = {https://www.fitchratings.com/products/rating-definitions}
}

@techreport{Dickerson2024,
  author = {Dickerson, Alexander and Robotti, Cesare and Nozawa},
  title = {Factor Investing with Delays},
  institution = {UNSW Business School},
  year = {2024},
  month = {12},
  url = {https://ssrn.com/abstract=5074221},
  doi = {10.2139/ssrn.5074221},
  note = {Forthcoming}
}

@article{Yang2024,
  author = {Yang, Mengxi},
  title = {Comparison and analysis of prediction accuracy between traditional machine learning algorithms and XGBoost algorithm in music emotion classification},
  journal = {Applied and Computational Engineering},
  year = {2024},
  volume = {57},
  number = {1},
  pages = {98-103},
  doi = {10.54254/2755-2721/57/20241316},
  publisher = {EWA Publishing}
}

@misc{Patil2023,
  author = {Patil, Paresh},
  title = {Outlier Detection and Removal using the IQR Method},
  howpublished = {Medium},
  year = {2023},
  month = {9},
  url = {https://medium.com/@pp1222001/outlier-detection-and-removal-using-the-iqr-method-6fab2954315d}
}

@misc{Johari2018,
  author = {Johari, Aayushi},
  title = {Machine Learning Tutorial - Understand With Examples},
  howpublished = {Medium},
  year = {2018},
  month = {5},
  url = {https://medium.com/edureka/machine-learning-tutorial-f2883412fba1}
}

@book{Harrison2023,
  author = {Harrison, Matt},
  title = {Effective XGBoost: Optimizing, Tuning, Understanding, and Deploying Classification Models},
  publisher = {MetaSnake},
  year = {2023},
  isbn = {9781792310393}
}

@book{Fabozzi2021,
  author = {Fabozzi, Frank J. and Mann, Steven V.},
  title = {The Handbook of Fixed Income Securities},
  edition = {9th},
  publisher = {McGraw-Hill Education},
  year = {2021},
  isbn = {9781260473902}
}

@techreport{Traczyk2024,
  author = {Traczyk, Adam},
  title = {New issuance premium as a corporate bond factor},
  institution = {SSRN},
  year = {2024},
  url = {https://ssrn.com/abstract=4945997}
}

@techreport{Geerts2022,
  author = {Geerts, Rogier and Reinders, Sebastiaan and Amenta, Robert},
  title = {Predicting the new issue premium in high yield},
  institution = {NN Investment Partners},
  year = {2022},
  url = {https://www.nnip.com}
}